% Encoding: UTF-8
@inproceedings{lin2007data,
  title={Data persistence in large-scale sensor networks with decentralized fountain codes},
  author={Lin, Yunfeng and Liang, Ben and Li, Baochun},
  booktitle={IEEE INFOCOM 2007-26th IEEE International Conference on Computer Communications},
  pages={1658--1666},
  year={2007},
  organization={IEEE}
}

@inproceedings{luby2002lt,
  title={LT codes},
  author={Luby, Michael},
  booktitle={The 43rd Annual IEEE Symposium on Foundations of Computer Science, 2002. Proceedings.},
  pages={271--271},
  year={2002},
  organization={IEEE Computer Society}
}

@article{upfal2005probability,
  title={Probability and Computing: Randomized Algorithms and},
  author={Upfal, Michael Mitzenmacher Eli},
  year={2005}
}

